<?xml version="1.0" encoding="UTF-8"?><collection xmlns="http://www.loc.gov/MARC21/slim"><record><leader>00460nam--2200145-i-4500</leader><controlfield tag="001">000046530</controlfield><controlfield tag="002">20161230</controlfield><controlfield tag="005">20161230201046</controlfield><controlfield tag="008">060222s1000------------r-----000-0-eng-d</controlfield><datafield ind1=" " ind2=" " tag="080"><subfield code="a">514.7</subfield></datafield><datafield ind1=" " ind2=" " tag="100"><subfield code="a">Vilenkin,N.I., Gelfand,I.M. Si Greev,M.I</subfield></datafield><datafield ind1=" " ind2=" " tag="245"><subfield code="a">Functii generalizate. geometrie integrala si probleme conexe ale teoriei reprezentarilor</subfield></datafield><datafield ind1=" " ind2=" " tag="260"><subfield code="a">Bucuresti,Ed.St.Si Enciclopedica, 1988. 520 P</subfield></datafield><datafield ind1=" " ind2=" " tag="852"><subfield code="a">74426</subfield><subfield code="c">513</subfield></datafield><datafield ind1=" " ind2=" " tag="CAT"><subfield code="a">Sys</subfield><subfield code="c">20080529</subfield><subfield code="h">110848</subfield></datafield></record></collection>